
@article{boppre2020sidon,
  title={Sidon sets and statistics of the ElGamal function},
  author={Boppr{\'e} Niehues, Lucas and von zur Gathen, Joachim and Perin, Lucas Pandolfo and Zumalac{\'a}rregui, Ana},
  journal={Cryptologia},
  volume={44},
  number={5},
  pages={438--450},
  year={2020},
  publisher={Taylor \& Francis}
}

@unpublished{elgamalsequences,
  title={Comparing balanced {$\mathbb{Z}_v$}-sequences obtained from ElGamal function to random balanced sequences},
  author={Panario, Daniel and Perin, Lucas Pandolfo and Stevens, Brett},
  year={N.D.},
  note={To be submitted}
}